
@manual{Schreier00,
  author       = {Richard Schreier},
  month        = {01},
  note         = {\url{http://www.mathworks.com/matlabcentral/fileexchange/}},
  organization = {Oregon State University},
  title        = {The Delta-Sigma Toolbox v5.2},
  year         = {2000},
}

@misc{tdientry,
  author       = {IBM Knowledgebase},
  title        = {A TDI Entry osztály leírása a hivatalos IBM dokumentációban},
  howpublished = {\url{https://www.ibm.com/support/knowledgecenter/en/SSCQGF_7.1.0/com.ibm.IBMDI.doc_7.1/entryobject.htm}},
  
}

@misc{isimdoc,
	author       = {IBM Knowledgebase},
	title        = {IBM Security Identity Manager technikai dokumentációja},
	howpublished = {\url{https://www.ibm.com/support/knowledgecenter/en/SSRMWJ_6.0.0/com.ibm.isim.doc_6.0/ic-homepage.htm}},	
}

@misc{qradardoc,
	author       = {IBM Knowledgebase},
	title        = {IBM QRadar Technikai prezentációja},
	howpublished = {\url{https://www.ibm.com/us-en/marketplace/ibm-qradar-siem}},	
}

@misc{tdidoc,
	author       = {IBM Knowledgebase},
	title        = {IBM QRadar Technikai prezentációja},
	howpublished = {\url{https://www.ibm.com/support/knowledgecenter/en/SSCQGF_7.1.1/com.ibm.IBMDI.doc_7.1.1/pdguide09.htm}},	
}

@misc{wink,
	author       = {Apache software foundation},
	title        = {Apache Wink},
	howpublished = {\url{https://cwiki.apache.org/confluence/display/WINK/Index}},
}

@misc{conndev,
	author       = {IBM Knowledgebase},
	title        = {Hivatalos útmutó TDI connector fejlesztéshez},
	howpublished = {\url{https://www.ibm.com/support/knowledgecenter/en/SSCQGF\_7.1.0/com.ibm.IBMDI.doc\_7.1/referenceguide155.htm}},
}